timestamp,unit_ts,hkt,tradeid,price,quantity
2024-03-01T10:23:39.359Z,1709288619,2024-03-01 18:23:39,6QQ66P3FQI2G,62237,0.00000482
2024-03-01T10:23:41.294Z,1709288621,2024-03-01 18:23:41,6QQ66P3FQI3E,62236.75,0.00001
2024-03-01T10:23:41.294Z,1709288621,2024-03-01 18:23:41,6QQ66P3FQI3F,62236.75,0.00004698
2024-03-01T10:23:41.877Z,1709288621,2024-03-01 18:23:41,6QQ66P3FQI3M,62237,0.00001381
2024-03-01T10:23:43.867Z,1709288623,2024-03-01 18:23:43,6QQ66P3FQI4B,62237,0.00073091
2024-03-01T10:23:45.483Z,1709288625,2024-03-01 18:23:45,6QQ66P3FQI4R,62236.75,0.00000559
2024-03-01T10:24:13.121Z,1709288653,2024-03-01 18:24:13,6QQ66P3FQIDK,62219.5,0.00000349
2024-03-01T10:24:13.468Z,1709288653,2024-03-01 18:24:13,6QQ66P3FQIDM,62219.75,0.00015975
2024-03-01T10:24:14.758Z,1709288654,2024-03-01 18:24:14,6QQ66P3FQIDO,62219.75,0.0011297
2024-03-01T10:24:16.956Z,1709288656,2024-03-01 18:24:16,6QQ66P3FQIEF,62219.5,0.00023871
2024-03-01T10:24:17.224Z,1709288657,2024-03-01 18:24:17,6QQ66P3FQIEY,62219.75,0.00009578
2024-03-01T10:24:19.898Z,1709288659,2024-03-01 18:24:19,6QQ66P3FQIHT,62205.75,0.00079574
2024-03-01T10:24:20.836Z,1709288660,2024-03-01 18:24:20,6QQ66P3FQII6,62205.75,0.00000787
2024-03-01T10:24:21.365Z,1709288661,2024-03-01 18:24:21,6QQ66P3FQIIE,62205.75,0.00031701
2024-03-01T10:24:22.433Z,1709288662,2024-03-01 18:24:22,6QQ66P3FQIIK,62205.5,0.00008061
2024-03-01T10:24:22.519Z,1709288662,2024-03-01 18:24:22,6QQ66P3FQIIM,62205.75,0.00015979
2024-03-01T10:24:25.175Z,1709288665,2024-03-01 18:24:25,6QQ66P3FQIL5,62194.25,0.01208021
2024-03-01T10:24:25.887Z,1709288665,2024-03-01 18:24:25,6QQ66P3FQILX,62194.25,0.00015982
2024-03-01T10:24:27.596Z,1709288667,2024-03-01 18:24:27,6QQ66P3FQIMK,62194.25,0.00028652
2024-03-01T10:24:27.985Z,1709288667,2024-03-01 18:24:27,6QQ66P3FQIMP,62194.25,0.00008955
2024-03-01T10:24:28.436Z,1709288668,2024-03-01 18:24:28,6QQ66P3FQINU,62194.25,0.00009582
2024-03-01T10:24:29.118Z,1709288669,2024-03-01 18:24:29,6QQ66P3FQIOL,62194.25,0.00477536
2024-03-01T10:24:31.284Z,1709288671,2024-03-01 18:24:31,6QQ66P3FQIPL,62194.25,0.00184261
2024-03-01T10:24:31.796Z,1709288671,2024-03-01 18:24:31,6QQ66P3FQIPV,62194,0.03247635
2024-03-01T10:24:32.349Z,1709288672,2024-03-01 18:24:32,6QQ66P3FQIPY,62194.25,0.00000627
2024-03-01T10:24:32.712Z,1709288672,2024-03-01 18:24:32,6QQ66P3FQIQ0,62194.25,0.00006383
2024-03-01T10:24:36.551Z,1709288676,2024-03-01 18:24:36,6QQ66P3FQIRA,62194.25,0.00000305
2024-03-01T10:24:36.639Z,1709288676,2024-03-01 18:24:36,6QQ66P3FQIRD,62194,0.00019421
2024-03-01T10:24:38.793Z,1709288678,2024-03-01 18:24:38,6QQ66P3FQITH,62194.25,0.00009518
2024-03-01T10:25:05.976Z,1709259905,2024-03-01 10:25:05,6QQ66P3FQJ0B,62201,0.00000639
2024-03-01T10:25:08.484Z,1709259908,2024-03-01 10:25:08,6QQ66P3FQJ0E,62201,0.00032649
2024-03-01T10:25:09.779Z,1709259909,2024-03-01 10:25:09,6QQ66P3FQJ0O,62201.25,0.00015916
2024-03-01T10:25:09.992Z,1709259909,2024-03-01 10:25:09,6QQ66P3FQJ0Q,62201.25,0.0000053
2024-03-01T10:25:14.533Z,1709259914,2024-03-01 10:25:14,6QQ66P3FQJ3O,62201,0.00003291
2024-03-01T10:25:16.077Z,1709259916,2024-03-01 10:25:16,6QQ66P3FQJ44,62201.25,0.00066847
2024-03-01T10:25:19.884Z,1709259919,2024-03-01 10:25:19,6QQ66P3FQJ5U,62201.25,0.00001591
2024-04-24T14:34:50.867Z,1713940490,2024-04-24 14:34:50,6V0DCSJ0CK50,65088.25,0.00144941
2024-04-24T14:34:51.411Z,1713940491,2024-04-24 14:34:51,6V0DCSJ0CK5Y,65087,0.00002919
2024-04-24T14:34:53.153Z,1713940493,2024-04-24 14:34:53,6V0DCSJ0CK7X,65091.75,0.00044383
2024-04-24T14:34:54.864Z,1713940494,2024-04-24 14:34:54,6V0DCSJ0CKAA,65092.5,0.00033828
2024-04-24T14:34:57.531Z,1713940497,2024-04-24 14:34:57,6V0DCSJ0CNHD,65084,0.00028977
2024-04-24T14:34:59.058Z,1713940499,2024-04-24 14:34:59,6V0DCSJ0CNJ1,65072.25,0.00000671
2024-04-24T14:34:59.059Z,1713940499,2024-04-24 14:34:59,6V0DCSJ0CNJ2,65072.25,0.00007087
2024-04-24T14:34:59.921Z,1713940499,2024-04-24 14:34:59,6V0DCSJ0CNK4,65072.25,0.00027382
2024-04-24T14:35:01.926Z,1713940501,2024-04-24 14:35:01,6V0DCSJ0CNM1,65072.5,0.00147097
2024-04-24T14:35:02.565Z,1713940502,2024-04-24 14:35:02,6V0DCSJ0CNMY,65063.25,0.00030431
2024-04-24T14:35:03.895Z,1713940503,2024-04-24 14:35:03,6V0DCSJ0CNOV,65063,0.00001487
2024-04-24T14:35:07.216Z,1713940507,2024-04-24 14:35:07,6V0DCSJ0CNT5,65065.75,0.0001294
2024-04-24T14:35:08.148Z,1713940508,2024-04-24 14:35:08,6V0DCSJ0CNUD,65065.5,0.0025
2024-04-24T14:35:08.148Z,1713940508,2024-04-24 14:35:08,6V0DCSJ0CNUE,65065.5,0.01853171
2024-04-24T14:35:09.561Z,1713940509,2024-04-24 14:35:09,6V0DCSJ0CNW5,65075.75,0.00985606
2024-04-24T14:35:09.848Z,1713940509,2024-04-24 14:35:09,6V0DCSJ0CNWP,65106.5,0.03034069
2024-04-24T14:35:09.848Z,1713940509,2024-04-24 14:35:09,6V0DCSJ0CNWO,65084,0.00007104
2024-04-24T14:35:10.063Z,1713940510,2024-04-24 14:35:10,6V0DCSJ0CNX1,65083.75,0.00008619
2024-04-24T14:35:10.264Z,1713940510,2024-04-24 14:35:10,6V0DCSJ0CNXB,65106.5,0.00002933
2024-04-24T14:35:10.302Z,1713940510,2024-04-24 14:35:10,6V0DCSJ0CNXH,65106.5,0.00019107
2024-04-24T14:35:10.924Z,1713940510,2024-04-24 14:35:10,6V0DCSJ0CNYA,65093,0.00174607
2024-04-24T14:35:12.846Z,1713940512,2024-04-24 14:35:12,6V0DCSJ0CO0M,65075.5,0.0637
2024-04-24T14:35:12.846Z,1713940512,2024-04-24 14:35:12,6V0DCSJ0CO0N,65072.25,0.0283
2024-04-24T14:35:13.034Z,1713940513,2024-04-24 14:35:13,6V0DCSJ0CO0X,65074.75,0.00000276
2024-04-24T14:35:14.222Z,1713940514,2024-04-24 14:35:14,6V0DCSJ0CO2H,65063.25,0.00008822
2024-04-24T14:35:14.279Z,1713940514,2024-04-24 14:35:14,6V0DCSJ0CO2L,65063.25,0.00000476
2024-04-24T14:35:22.375Z,1713940522,2024-04-24 14:35:22,6V0DCSJ0COCL,65035.5,0.00001291
2024-04-24T14:35:24.443Z,1713940524,2024-04-24 14:35:24,6V0DCSJ0COEQ,65018.25,0.00988493
2024-04-24T14:35:24.443Z,1713940524,2024-04-24 14:35:24,6V0DCSJ0COER,65018.25,0.00848403
2024-04-24T14:35:24.443Z,1713940524,2024-04-24 14:35:24,6V0DCSJ0COES,65018.25,0.01106662
2024-04-24T14:35:24.688Z,1713940524,2024-04-24 14:35:24,6V0DCSJ0COF5,65018.25,0.00000369
2024-04-24T14:35:24.901Z,1713940524,2024-04-24 14:35:24,6V0DCSJ0COFC,65018.25,0.00000861
2024-04-24T14:35:25.289Z,1713940525,2024-04-24 14:35:25,6V0DCSJ0COFM,65018,0.00012065
2024-04-24T14:35:25.498Z,1713940525,2024-04-24 14:35:25,6V0DCSJ0COG5,65000,0.0191
2024-04-24T14:35:25.498Z,1713940525,2024-04-24 14:35:25,6V0DCSJ0COG7,65000,0.00003077
2024-04-24T14:35:25.498Z,1713940525,2024-04-24 14:35:25,6V0DCSJ0COG6,65000,0.01538461
2024-04-24T14:35:25.498Z,1713940525,2024-04-24 14:35:25,6V0DCSJ0COG8,64993.25,0.08
2024-04-24T14:35:27.627Z,1713940527,2024-04-24 14:35:27,6V0DCSJ0COJY,64993,0.00020617
2024-04-24T14:35:28.213Z,1713940528,2024-04-24 14:35:28,6V0DCSJ0COKH,64993,0.00304648
2024-04-24T14:37:17.519Z,1713969437,2024-04-24 22:37:17,6V0DCSJ0D4FT,64998.75,0.0015231
2024-04-24T14:37:17.884Z,1713969437,2024-04-24 22:37:17,6V0DCSJ0D4G9,64998.5,0.00029922
2024-04-24T14:37:18.116Z,1713969438,2024-04-24 22:37:18,6V0DCSJ0D4GG,64998.75,0.0000063
2024-04-24T14:37:20.59Z,1713969440,2024-04-24 22:37:20,6V0DCSJ0D4J3,64996.25,0.00217812
2024-04-24T14:37:22.006Z,1713969442,2024-04-24 22:37:22,6V0DCSJ0D4KH,64996,0.00000296
2024-04-24T14:37:23.5Z,1713969443,2024-04-24 22:37:23,6V0DCSJ0D4ME,64979,0.00015235
2024-04-24T14:37:23.813Z,1713969443,2024-04-24 22:37:23,6V0DCSJ0D4N4,64977,0.0637
2024-04-24T14:37:24.044Z,1713969444,2024-04-24 22:37:24,6V0DCSJ0D4ND,64970,0.0637
2024-04-24T14:37:24.159Z,1713969444,2024-04-24 22:37:24,6V0DCSJ0D4NK,64970.25,0.00000729
2024-04-24T14:37:24.355Z,1713969444,2024-04-24 22:37:24,6V0DCSJ0D4NW,64970.5,0.00005294
2024-04-24T14:37:24.77Z,1713969444,2024-04-24 22:37:24,6V0DCSJ0D4OG,64967.5,0.00170839
2024-04-24T14:37:25.254Z,1713969445,2024-04-24 22:37:25,6V0DCSJ0D4OU,64967.25,0.00006063
2024-04-24T14:37:25.869Z,1713969445,2024-04-24 22:37:25,6V0DCSJ0D4Q4,64940.75,0.00609786
2024-04-24T14:37:26.874Z,1713969446,2024-04-24 22:37:26,6V0DCSJ0D4RA,64935.5,0.01017582
2024-04-24T14:37:26.918Z,1713969446,2024-04-24 22:37:26,6V0DCSJ0D4RD,64935.5,0.05352418
2024-04-24T14:37:27.285Z,1713969447,2024-04-24 22:37:27,6V0DCSJ0D4S0,64927,0.0637
2024-04-24T14:37:27.329Z,1713969447,2024-04-24 22:37:27,6V0DCSJ0D4S5,64927,0.08
2024-04-24T14:37:27.446Z,1713969447,2024-04-24 22:37:27,6V0DCSJ0D4SB,64927.25,0.00000292
2024-04-24T14:37:29.032Z,1713969449,2024-04-24 22:37:29,6V0DCSJ0D4U9,64918.5,0.00002911
2024-04-24T14:37:31.774Z,1713969451,2024-04-24 22:37:31,6V0DCSJ0D4XC,64918.5,0.00005807
2024-04-24T14:37:32.522Z,1713969452,2024-04-24 22:37:32,6V0DCSJ0D4YD,64918.5,0.06364193
2024-04-24T14:37:32.522Z,1713969452,2024-04-24 22:37:32,6V0DCSJ0D4YE,64921,0.01798408
2024-04-24T14:37:32.741Z,1713969452,2024-04-24 22:37:32,6V0DCSJ0D4YQ,64921,0.04571592
2024-04-24T14:37:34.615Z,1713969454,2024-04-24 22:37:34,6V0DCSJ0D50Z,64949.5,0.0000177
2024-04-24T14:37:34.98Z,1713969454,2024-04-24 22:37:34,6V0DCSJ0D51F,64949.5,0.00106082
2024-04-24T14:37:37.038Z,1713969457,2024-04-24 22:37:37,6V0DCSJ0D540,64999.5,0.00010877
2024-04-24T14:37:37.73Z,1713969457,2024-04-24 22:37:37,6V0DCSJ0D54Z,64999.5,0.00441541
2024-04-24T14:37:39.508Z,1713969459,2024-04-24 22:37:39,6V0DCSJ0D578,65008.75,0.00563462
2024-04-24T14:37:40.555Z,1713969460,2024-04-24 22:37:40,6V0DCSJ0D58L,65009,0.00000282
2024-04-24T14:37:43.835Z,1713969463,2024-04-24 22:37:43,6V0DCSJ0D5CK,64974.75,0.00005863
